@article{invisible_hand,
        title = {Government Data and the Invisible Hand},
            volume = {11},
                journal = {Yale J. Law \& Tech.},
                    author = {David Robinson, Harlan Yu, William P. Zeller and 
                        Edward W. Felten},
                        year = {2009},
                            pages = {160}
},

    @misc{omb_circ_summary,
            title = {{MAJOR} {IMPLICATIONS} {OF} {OMB} {CIRCULAR} A-130 {FOR} 
                {FEDERAL} {WEB} {CONTENT} {MANAGERS}},
                url = 
                {http://www.usa.gov/webcontent/documents/a130summary.pdf},
                    author = {Federal Web Managers Council},
                        howpublished = 
                        {http://www.usa.gov/webcontent/documents/a130summary.pdf}
    },

    @misc{citizens_first_whitepaper,
            title = {Putting Citizens First: Transforming Online Government},
                url = 
                {http://www.usa.gov/webcontent/documents/Federal_Web_Managers_WhitePaper.pdf},
                    author = {Federal Web Managers Council},
                        month = nov,
                            year = {2008},
                                howpublished = 
                                {{http://www.usa.gov/webcontent/documents/Federal\_Web\_Managers\_WhitePaper.pdf}}
    },


    @misc{webcontent_checklist,
            title = {Requirements Checklist for Government Web Managers - 
                Webcontent.gov - Guide to Managing {U.S.} Government 
                    Websites},
                url = 
                {http://www.usa.gov/webcontent/reqs_bestpractices/reqs_checklist.shtml},
                    author = {Federal Web Managers Council},
                        howpublished = 
                        {http://www.usa.gov/webcontent/reqs\_bestpractices/reqs\_checklist.shtml}
    },

    @misc{godwin1,
            title = {Social Media and the Federal Government: Perceived and 
                Real Barriers and Potential Solutions},
                url = 
                {http://www.usa.gov/webcontent/documents/SocialMediaFed%20Govt_BarriersPotentialSolutions.pdf},
                    author = {Bev Godwin et. al},
                        month = dec,
                            year = {2008},
                                howpublished = 
                                {{http://www.usa.gov/webcontent/documents/SocialMediaFed\%20Govt\_BarriersPotentialSolutions.pdf}}
    },

    @misc{webcontent_laws,
            title = {Webcontent.gov: Federal Website Laws \& Regulations},
                url = 
                {http://www.usa.gov/webcontent/reqs_bestpractices/laws_regs.shtml},
                    author = {Federal Web Managers Council},
                        howpublished = 
                        {http://www.usa.gov/webcontent/reqs\_bestpractices/laws\_regs.shtml}
    }ÃŸ

@book{judging_forgeries,
	Author = {Ronald D. Spencer},
	Date-Added = {2008-11-10 22:09:42 -0500},
	Date-Modified = {2008-11-10 22:10:16 -0500},
	Publisher = {Oxford University Press},
	Title = {The Expert versus the Object: Judging Fakes and False Attributions in the Visual Arts},
	Year = {2004}}
